@Manual{R-base,
  title = {R: A Language and Environment for Statistical Computing},
  author = {{R Core Team}},
  organization = {R Foundation for Statistical Computing},
  address = {Vienna, Austria},
  year = {2017},
  url = {https://www.R-project.org/},
}
@Manual{R-papaja,
  author = {Frederik Aust and Marius Barth},
  title = {{papaja}: {Create} {APA} manuscripts with {R Markdown}},
  year = {2017},
  note = {R package version 0.1.0.9492},
  url = {https://github.com/crsh/papaja},
}
@article{CheungBeckJackson,
  title={A Network Approach to Top Down and Bottom Life Satisfaction},
  author={Cheung, Felix and Beck, Emorie D. and Jackson, Joshua J.},
  year={2017},
  note={in prep.}
}
@article{BeckJackson,
  title="{A tale of two stabilities: A longitudinal ESM study of dynamic personality networks. in prep.}",
  author={Beck, Emorie D. and Jackson, Joshua J.},
  year={2017},
  note={in prep.}
}
@article{epskamp2015graphicalvar,
  title={graphicalVAR: Graphical VAR for Experience Sampling Data},
  author={Epskamp, S},
  journal={R package version 0.1},
  volume={3},
  year={2015}
}
@article{BeckJackson2,
  title={More Than the Sum of Its Parts? Using Idiographic Personality Networks to Predict Outcomes. in prep.},
  author={Beck, Emorie D. and Jackson, Joshua J.},
  year={2017},
  note={in prep.}
}
@article{BeckJacksonCondonFull,
  title={Personality Network Development from 14 to 80. in prep.},
  author={Beck, Emorie D. and Jackson, Joshua J. and Condon, David M.},
  year={2017},
  note={in prep.}
}
@article{BeckJacksonCorrChange,
  title="{Do changes in personality imply changes in behavior? A longitudinal ESM study. in prep.}",
  author={Beck, Emorie D. and Jackson, Joshua J.},
  year={2017},
  note={in prep.}
}
@article{wild_2010,
  title={A graphical vector autoregressive modelling approach to the analysis of electronic diary data},
  author={Wild, Beate and Eichler, Michael and Friederich, Hans-Christoph and Hartmann, Mechthild and Zipfel, Stephan and Herzog, Wolfgang},
  journal={BMC medical research methodology},
  volume={10},
  number={1},
  pages={1},
  year={2010},
  publisher={BioMed Central}
}
@Manual{R-dplyr,
  title = {dplyr: A Grammar of Data Manipulation},
  author = {Hadley Wickham and Romain Francois},
  year = {2016},
  note = {R package version 0.5.0},
  url = {https://CRAN.R-project.org/package=dplyr},
}
@Book{R-ggplot2,
  author = {Hadley Wickham},
  title = {ggplot2: Elegant Graphics for Data Analysis},
  publisher = {Springer-Verlag New York},
  year = {2009},
  isbn = {978-0-387-98140-6},
  url = {http://ggplot2.org},
}
@Manual{R-purrr,
  title = {purrr: Functional Programming Tools},
  author = {Lionel Henry and Hadley Wickham},
  year = {2017},
  note = {R package version 0.2.2.2},
  url = {https://CRAN.R-project.org/package=purrr},
}
@article{R-qgraph,
  title = {{qgraph}: Network Visualizations of Relationships in Psychometric Data},
  author = {Sacha Epskamp and Ang\'elique O. J. Cramer and Lourens J. Waldorp and Verena D. Schmittmann and Denny Borsboom},
  journal = {Journal of Statistical Software},
  year = {2012},
  volume = {48},
  number = {4},
  pages = {1--18},
  url = {http://www.jstatsoft.org/v48/i04/},
}
@Manual{R-readr,
  title = {readr: Read Rectangular Text Data},
  author = {Hadley Wickham and Jim Hester and Romain Francois},
  year = {2017},
  note = {R package version 1.1.1},
  url = {https://CRAN.R-project.org/package=readr},
}
@Manual{R-tibble,
  title = {tibble: Simple Data Frames},
  author = {Kirill MÃ¼ller and Hadley Wickham},
  year = {2017},
  note = {R package version 1.3.3},
  url = {https://CRAN.R-project.org/package=tibble},
}
@Manual{R-tidyr,
  title = {tidyr: Easily Tidy Data with 'spread()' and 'gather()' Functions},
  author = {Hadley Wickham},
  year = {2017},
  note = {R package version 0.6.3},
  url = {https://CRAN.R-project.org/package=tidyr},
}
@Manual{R-tidyverse,
  title = {tidyverse: Easily Install and Load 'Tidyverse' Packages},
  author = {Hadley Wickham},
  year = {2017},
  note = {R package version 1.1.1},
  url = {https://CRAN.R-project.org/package=tidyverse},
}
@article{molenaar_2004,
  title={A manifesto on psychology as idiographic science: Bringing the person back into scientific psychology, this time forever},
  author={Molenaar, Peter CM},
  journal={Measurement},
  volume={2},
  number={4},
  pages={201--218},
  year={2004},
  publisher={Taylor \& Francis}
}
@article{cervone_2005,
  title={Personality architecture: Within-person structures and processes},
  author={Cervone, Daniel},
  journal={Annu. Rev. Psychol.},
  volume={56},
  pages={423--452},
  year={2005},
  publisher={Annual Reviews}
}
@article{mischel_1995,
  title={A cognitive-affective system theory of personality: reconceptualizing situations, dispositions, dynamics, and invariance in personality structure.},
  author={Mischel, Walter and Shoda, Yuichi},
  journal={Psychological review},
  volume={102},
  number={2},
  pages={246},
  year={1995},
  publisher={American Psychological Association}
}
@article{mottus_2016,
  title={Towards more rigorous personality trait--outcome research},
  author={M{\~o}ttus, Ren{\'e}},
  journal={European Journal of Personality},
  volume={30},
  number={4},
  pages={292--303},
  year={2016},
  publisher={Wiley Online Library}
}
@article{nesselroade_2016,
  title={Some Behaviorial Science Measurement Concerns and Proposals},
  author={Nesselroade, John R and Molenaar, Peter CM},
  journal={Multivariate behavioral research},
  volume={51},
  number={2-3},
  pages={396--412},
  year={2016},
  publisher={Taylor \& Francis}
}
@article{borkenau_1998,
  title={The Big Five as states: How useful is the five-factor model to describe intraindividual variations over time?},
  author={Borkenau, Peter and Ostendorf, Fritz},
  journal={Journal of Research in Personality},
  volume={32},
  number={2},
  pages={202--221},
  year={1998},
  publisher={Elsevier}
}
@article{sherman2015independent,
  title={The independent effects of personality and situations on real-time expressions of behavior and emotion.},
  author={Sherman, Ryne A and Rauthmann, John F and Brown, Nicolas A and Serfass, David G and Jones, Ashley Bell},
  journal={Journal of Personality and Social Psychology},
  volume={109},
  number={5},
  pages={872},
  year={2015},
  publisher={American Psychological Association}
}
@article{john2008paradigm,
  title={Paradigm shift to the integrative big five trait taxonomy},
  author={John, Oliver P and Naumann, Laura P and Soto, Christopher J},
  journal={Handbook of personality: Theory and research},
  volume={3},
  pages={114--158},
  year={2008}
}
@article{fleeson_2015,
  title={Whole trait theory},
  author={Fleeson, William and Jayawickreme, Eranda},
  journal={Journal of Research in Personality},
  volume={56},
  pages={82--92},
  year={2015},
  publisher={Elsevier}
}
@article{sherman_2015,
  title={The independent effects of personality and situations on real-time expressions of behavior and emotion.},
  author={Sherman, Ryne A and Rauthmann, John F and Brown, Nicolas A and Serfass, David G and Jones, Ashley Bell},
  journal={Journal of Personality and Social Psychology},
  volume={109},
  number={5},
  pages={872},
  year={2015},
  publisher={American Psychological Association}
}
@article{rauthmann_2016,
  title={Directionality of Person--Situation Transactions: Are There Spillovers Among and Between Situation Experiences And Personality States?},
  author={Rauthmann, John F and Jones, Ashley Bell and Sherman, Ryne A},
  journal={Personality and Social Psychology Bulletin},
  volume={42},
  number={7},
  pages={893--909},
  year={2016},
  publisher={SAGE Publications Sage CA: Los Angeles, CA}
}
@article{larson1983experience,
  title={The experience sampling method.},
  author={Larson, Reed and Csikszentmihalyi, Mihaly},
  journal={New Directions for Methodology of Social \& Behavioral Science},
  year={1983},
  publisher={Jossey-Bass Publishers, Inc.}
}
@article{epskamp_2017,
  title={Discovering psychological dynamics: The Gaussian graphical model in cross-sectional and time-series data},
  author={Epskamp, Sacha and Waldorp, Lourens J and M{\~o}ttus, Ren{\'e} and Borsboom, Denny},
  journal={arXiv preprint arXiv:1609.04156},
  year={2016}
}
@article{borkenau_1998,
  title={The Big Five as states: How useful is the five-factor model to describe intraindividual variations over time?},
  author={Borkenau, Peter and Ostendorf, Fritz},
  journal={Journal of Research in Personality},
  volume={32},
  number={2},
  pages={202--221},
  year={1998},
  publisher={Elsevier}
}
@article{Costantini_2015,
  title={State of the aRt personality research: A tutorial on network analysis of personality data in R},
  author={Costantini, Giulio and Epskamp, Sacha and Borsboom, Denny and Perugini, Marco and M{\~o}ttus, Ren{\'e} and Waldorp, Lourens J and Cramer, Ang{\'e}lique OJ},
  journal={Journal of Research in Personality},
  volume={54},
  pages={13--29},
  year={2015},
  publisher={Academic Press}
}
@article{cramer2012dimensions,
  title={Dimensions of normal personality as networks in search of equilibrium: You can't like parties if you don't like people},
  author={Cramer, Ang{\'e}lique OJ and Sluis, Sophie and Noordhof, Arjen and Wichers, Marieke and Geschwind, Nicole and Aggen, Steven H and Kendler, Kenneth S and Borsboom, Denny},
  journal={European Journal of Personality},
  volume={26},
  number={4},
  pages={414--431},
  year={2012}
}
@misc{mottus2015situations,
  title={Situations, Environmental Niches and People Could Be Measured Using the Same Characteristics},
  author={M{\~o}ttus, Ren{\'e} and Allerhand, Mike},
  year={2015},
  publisher={WILEY-BLACKWELL 111 RIVER ST, HOBOKEN 07030-5774, NJ USA}
}

@Manual{R-arm,
  title = {arm: Data Analysis Using Regression and Multilevel/Hierarchical
Models},
  author = {Andrew Gelman and Yu-Sung Su},
  year = {2016},
  note = {R package version 1.9-3},
  url = {https://CRAN.R-project.org/package=arm},
}
@Manual{R-corpcor,
  title = {corpcor: Efficient Estimation of Covariance and (Partial) Correlation},
  author = {Juliane Schafer and Rainer Opgen-Rhein and Verena Zuber and Miika Ahdesmaki and A. Pedro Duarte Silva and Korbinian Strimmer.},
  year = {2017},
  note = {R package version 1.6.9},
  url = {https://CRAN.R-project.org/package=corpcor},
}
@Manual{R-data.table,
  title = {data.table: Extension of `data.frame`},
  author = {Matt Dowle and Arun Srinivasan},
  year = {2017},
  note = {R package version 1.10.4},
  url = {https://CRAN.R-project.org/package=data.table},
}
@Manual{R-glasso,
  title = {glasso: Graphical lasso- estimation of Gaussian graphical models},
  author = {Jerome Friedman and Trevor Hastie and Rob Tibshirani},
  year = {2014},
  note = {R package version 1.8},
  url = {https://CRAN.R-project.org/package=glasso},
}
@Article{R-GPArotation,
  author = {Coen A. Bernaards and Robert I.Jennrich},
  year = {2005},
  title = {Gradient Projection Algorithms and Software for Arbitrary
             Rotation Criteria in Factor Analysis},
  journal = {Educational and Psychological Measurement},
  volume = {65},
  pages = {676--696},
}
@Manual{R-graphicalVAR,
  title = {graphicalVAR: Graphical VAR for Experience Sampling Data},
  author = {Sacha Epskamp},
  year = {2017},
  note = {R package version 0.2},
  url = {https://CRAN.R-project.org/package=graphicalVAR},
}
@Manual{R-gridExtra,
  title = {gridExtra: Miscellaneous Functions for "Grid" Graphics},
  author = {Baptiste Auguie},
  year = {2016},
  note = {R package version 2.2.1},
  url = {https://CRAN.R-project.org/package=gridExtra},
}
@Article{R-igraph,
  title = {The igraph software package for complex network research},
  author = {Gabor Csardi and Tamas Nepusz},
  journal = {InterJournal},
  volume = {Complex Systems},
  pages = {1695},
  year = {2006},
  url = {http://igraph.org},
}
@Book{R-knitr,
  title = {Dynamic Documents with {R} and knitr},
  author = {Yihui Xie},
  publisher = {Chapman and Hall/CRC},
  address = {Boca Raton, Florida},
  year = {2015},
  edition = {2nd},
  note = {ISBN 978-1498716963},
  url = {http://yihui.name/knitr/},
}
@Book{R-lattice,
  title = {Lattice: Multivariate Data Visualization with R},
  author = {Deepayan Sarkar},
  publisher = {Springer},
  address = {New York},
  year = {2008},
  note = {ISBN 978-0-387-75968-5},
  url = {http://lmdvr.r-forge.r-project.org},
}
@Article{R-lavaan,
  title = {{lavaan}: An {R} Package for Structural Equation Modeling},
  author = {Yves Rosseel},
  journal = {Journal of Statistical Software},
  year = {2012},
  volume = {48},
  number = {2},
  pages = {1--36},
  url = {http://www.jstatsoft.org/v48/i02/},
}
@Article{R-lme4,
  title = {Fitting Linear Mixed-Effects Models Using {lme4}},
  author = {Douglas Bates and Martin M{\"a}chler and Ben Bolker and Steve Walker},
  journal = {Journal of Statistical Software},
  year = {2015},
  volume = {67},
  number = {1},
  pages = {1--48},
  doi = {10.18637/jss.v067.i01},
}
@Manual{R-magrittr,
  title = {magrittr: A Forward-Pipe Operator for R},
  author = {Stefan Milton Bache and Hadley Wickham},
  year = {2014},
  note = {R package version 1.5},
  url = {https://CRAN.R-project.org/package=magrittr},
}
@Book{R-MASS,
  title = {Modern Applied Statistics with S},
  author = {W. N. Venables and B. D. Ripley},
  publisher = {Springer},
  edition = {Fourth},
  address = {New York},
  year = {2002},
  note = {ISBN 0-387-95457-0},
  url = {http://www.stats.ox.ac.uk/pub/MASS4},
}
@Manual{R-Matrix,
  title = {Matrix: Sparse and Dense Matrix Classes and Methods},
  author = {Douglas Bates and Martin Maechler},
  year = {2017},
  note = {R package version 1.2-10},
  url = {https://CRAN.R-project.org/package=Matrix},
}
@Manual{R-mlVAR,
  title = {mlVAR: Multi-Level Vector Autoregression},
  author = {Sacha Epskamp and Marie K. Deserno and Laura F. Bringmann},
  year = {2017},
  note = {R package version 0.3.3},
  url = {https://CRAN.R-project.org/package=mlVAR},
}
@Manual{R-pander,
  title = {pander: An R Pandoc Writer},
  author = {Gergely DarÃ³czi and Roman Tsegelskyi},
  year = {2015},
  note = {R package version 0.6.0},
  url = {https://CRAN.R-project.org/package=pander},
}
@Article{R-plyr,
  title = {The Split-Apply-Combine Strategy for Data Analysis},
  author = {Hadley Wickham},
  journal = {Journal of Statistical Software},
  year = {2011},
  volume = {40},
  number = {1},
  pages = {1--29},
  url = {http://www.jstatsoft.org/v40/i01/},
}
@Manual{R-psych,
  title = {psych: Procedures for Psychological, Psychometric, and Personality Research},
  author = {William Revelle},
  organization = { Northwestern University},
  address = { Evanston, Illinois},
  year = {2017},
  note = {R package version 1.7.5},
  url = {https://CRAN.R-project.org/package=psych},
}
@Manual{R-RColorBrewer,
  title = {RColorBrewer: ColorBrewer Palettes},
  author = {Erich Neuwirth},
  year = {2014},
  note = {R package version 1.1-2},
  url = {https://CRAN.R-project.org/package=RColorBrewer},
}
@Manual{R-rlist,
  title = {rlist: A Toolbox for Non-Tabular Data Manipulation},
  author = {Kun Ren},
  year = {2016},
  note = {R package version 0.4.6.1},
  url = {https://CRAN.R-project.org/package=rlist},
}
@Manual{R-Rmisc,
  title = {Rmisc: Rmisc: Ryan Miscellaneous},
  author = {Ryan M. Hope},
  year = {2013},
  note = {R package version 1.5},
  url = {https://CRAN.R-project.org/package=Rmisc},
}
@Manual{R-stargazer,
  title = {stargazer: Well-Formatted Regression and Summary Statistics Tables},
  author = {Marek Hlavac},
  year = {2015},
  note = {R package version 5.2},
  organization = {Harvard University},
  address = {Cambridge, USA},
  url = {http://CRAN.R-project.org/package=stargazer},
}
@Manual{R-stringr,
  title = {stringr: Simple, Consistent Wrappers for Common String Operations},
  author = {Hadley Wickham},
  year = {2017},
  note = {R package version 1.2.0},
  url = {https://CRAN.R-project.org/package=stringr},
}
